%%%%%%%%%%%%%%%%%%%%%%%%%%%%%%%%%%%%%%%%%%%%%%%%%%%%%%%%%%%%%%%%%%%%%%%%%%%%%%%%%%%%%%%%%%%%%%%%%%%
@Comment{Comienzo a pensar que seria de buena educacion poner los nombres de los autores en vez
         de solo las iniciales de sus nombres}
%%%%%%%%%%%%%%%%%%%%%%%%%%%%%%%%%%%%%%%%%%%%%%%%%%%%%%%%%%%%%%%%%%%%%%%%%%%%%%%%%%%%%%%%%%%%%%%%%%%
@Article{Kreuz07,
    title   = {Measuring synchronization in coupled model systems: {A} comparison of different 
    		   approaches},
    author  = {Kreuz, Thomas 
    		   and Mormann, Florian 
    		   and Andrzejak, Ralph G 
    		   and Kraskov, Alexander 
    		   and Lehnertz, Klaus 
    		   and Grassberger, Peter},
    journal = {{Physica D: Nonlinear Phenomena}},
    volume  = {225},
    number  = {1},
    pages   = {29--42},
    year    = {2007},
    publisher = {Elsevier}
}

@Article{Dahlhaus97,
    title   = {Fitting time series models to nonstationary processes},
    author  = {Dahlhaus, Rainer and others},
    journal = {The annals of Statistics},
    volume  = {25},
    number  = {1},
    pages   = {1--37},
    year    = {1997},
    publisher = {Institute of Mathematical Statistics}
}


@Article{Priestley65,
    title   = {Evolutionary {S}pectra and {N}on-stationary {P}rocesses},
    author  = {Priestley, Maurice B},
    journal = {Journal of the Royal Statistical Society. Series B (Methodological)},
    volume  = {27},
    number  = {2},
    pages   = {204--237},
    year    = {1965},
    publisher = {Wiley}
}

@Article{Priestley66,
    title   = {Design {R}elations for {N}on-stationary {P}rocesses},
    author  = {Priestley, Maurice B},
    journal = {Journal of the {R}oyal {S}tatistical {S}ociety. {S}eries {B} ({M}ethodological)},
    volume  = {28},
    number  = {1},
    pages   = {228--240},
    year    = {1966},
    publisher = {Wiley}
}


@Article{Cohen89,
    title     = {Time-frequency distributions-a review},
    author    = {Cohen, Leon},
    journal   = {Proceedings of the IEEE},
    volume    = {77},
    number    = {7},
    pages     = {941--981},
    year      = {1989},
    publisher = {IEEE}
}

@Article{Melard89,
    title     = {Contributions to evolutionary spectral theory},
    author    = {Melard, Guy 
                 and Schutter, Annie Herteleer-de},
    journal   = {Journal of Time Series Analysis},
    volume    = {10},
    number    = {1},
    pages     = {41--63},
    year      = {1989},
    publisher = {Wiley Online Library}
}

@Article{Silverman57,
    title     = {Locally stationary random processes},
    author    = {Silverman, R},
    journal   = {IRE Transactions on Information Theory},
    volume    = {3},
    number    = {3},
    pages     = {182--187},
    year      = {1957},
    publisher = {IEEE}
}

@Article{Page52,
    title   = {Instantaneous power spectra},
    author  = {Page, Chester H.},
    journal = {Journal of Applied Physics},
    volume  = {23},
    number  = {1},
    pages   = {103--106},
    year    = {1952}
}

@Article{Adak98,
  title   = {Time-dependent spectral analysis of nonstationary time series},
  author  = {Adak, S.},
  journal = {Journal of the American Statistical Association},
  volume  = {93},
  number  = {444},
  pages   = {1488--1501},
  year    = {1998}
}

@Article{Loynes68,
    title =   {On the concept of the spectrum for non-stationary processes},
    author =  {Loynes, R. M.},
    journal = {Journal of the Royal Statistical Society. Series B (Methodological)},
    pages =   {1--30},
    year =    {1968}
}

@ARTICLE{Nason13,
    author =  {Nason, G.},
    year =    {2013},
    title =   {A test for second order stationarity and approximate confidence intervals for 
               localized autocovariances for locally stationary time series},
    journal = {Journal of the Royal Statistical Society. Series B (Methodological)},
    pages =   {879--904},
    volume =  {75},
    number =  {5}
}

@ARTICLE{Priestley69,
    author =  {Priestley, Maurice B. 
               and Subba Rao, T.},
    title =   {A {T}est for {N}on-stationarity of {T}ime-series},
    journal = {Journal of the {R}oyal {S}tatistical {S}ociety. {S}eries {B} ({M}ethodological)},
    year =    {1969},
    volume =  {31},
    number =  {1},
    pages =   {140--149},
    publisher = {Wiley}
}

@BOOK{Priestley81,
   title =     {Spectral Analysis and Time Series},
   author =    {Priestley, M. B.},
   publisher = {Academic Press},
   year =      {1981},
   volume =    {1,2},
}
%%%%%%%%%%%%%%%%%%%%%%%%%%%%%%%%%%%%%%%%%%%%%%%%%%%%%%%%%%%%%%%%%%%%%%%%%%%%%%%%%%%%%%%%%%%%%%%%%%%