%%%%%%%%%%%%%%%%%%%%%%%%%%%%%%%%%%%%%%%%%%%%%%%%%%%%%%%%%%%%%%%%%%%%%%%%%%%%%%%%%%%%%%%%%%%%%%%%%%%
%Valeria García Muñoz, Rodríguez Torres Erika Elizabeth, Reséndiz Flores Olivia, Vázquez-Tagle Gallegos, Génesis del Rocío, Rosales-Lagarde Alejandra. El color del ruido durante el sueño MOR en el adulto mayor con deterioro cognitivo.  XLIX Congreso Nacional Sociedad Matemática Mexicana. Universidad Autónoma de Aguascalientes, Octubre 23  al 28, 2016, Aguascalientes, Ags.
%

%%%%%%%%%%%%%%%%%%%%%%%%%%%%%%%%%%%%%%%%%%%%%%%%%%%%%%%%%%%%%%%%%%%%%%%%%%%%%%%%%%%%%%%%%%%%%%%%%%%

%%%%%%%%%%%%%%%%%%
% degradacion de colinergicos

@Article{Schliebs11,
  title   = {The cholinergic system in aging and neuronal degeneration},
  author  = {Schliebs, Reinhard 
             and Arendt, Thomas},
  journal = {{Behavioural Brain Research}},
  volume  = {221},
  number  = {2},
  pages   = {555--563},
  year    = {2011},
  publisher = {Elsevier}
}

%%%%%%%%%%%%%%%%%%
% colinergicos en MOR

@Article{Braun1997,
  title   = {{Regional cerebral blood flow throughout the sleep-wake cycle. An H2 (15) O PET 
              study}},
  author  = {Braun, AR 
             and Balkin, TJ 
             and Wesenten, NJ 
             and Carson, RE 
             and Varga, M 
             and Baldwin, Pl 
             and Selbie, S 
             and Belenky, G 
             and Herscovitch, P},
  journal = {Brain: a journal of neurology},
  volume  = {120},
  number  = {7},
  pages   = {1173--1197},
  year    = {1997}
}

%%%%%%%%%%%%%%%%%%

% el sueño MOR tiene algo que ver con la memoria

@Article{Lucero1970,
  title   = {{Lengthening of REM sleep duration consecutive to learning in the rat}},
  author  = {Lucero, Miguel A},
  journal = {{Brain Research}},
  volume  = {20},
  number  = {2},
  pages   = {319--322},
  year    = {1970},
  publisher = {Elsevier}
}

@Article{Fishbein1971,
  title   = {Disruptive effects of rapid eye movement sleep deprivation on long-term memory},
  author  = {Fishbein, William},
  journal = {{Physiology \& Behavior}},
  volume  = {6},
  number  = {4},
  pages   = {279--282},
  year    = {1971},
  publisher = {Elsevier}
}

@Article{Fishbein1977,
  title  = {Paradoxical sleep and memory storage processes},
  author = {Fishbein, William and 
            Gutwein, Baruch M},
  journal= {{Behavioral Biology}},
  volume = {19},
  number = {4},
  pages  = {425--464},
  year   = {1977},
  publisher={Elsevier}
}

@Article{Pearlman1974,
  title   = {{REM sleep deprivation impairs bar-press acquisition in rats}},
  author  = {Pearlman, Chester 
             and Becker, Michael},
  journal = {{Physiology \& Behavior}},
  volume  = {13},
  number  = {6},
  pages   = {813--817},
  year    = {1974},
  publisher = {Elsevier}
}

@Article{Pearlman1971,
  title  = {{Latent learning impaired by REM sleep deprivation}},
  author = {Pearlman, Chester A},
  journal= {{Psychonomic Science}},
  volume = {25},
  number = {3},
  pages  = {135--136},
  year   = {1971},
  publisher = {Springer}
}

@Article{Smith1991,
  title   = {{Increases in number of REMS and REM density in humans following an intensive 
              learning period}},
  author  = {Smith, Carlyle 
             and Lapp, Lorelei},
  journal = {SLEEP},
  volume  = {14},
  number  = {4},
  pages   = {325--330},
  year    = {1991},
  publisher = {Oxford University Press}
}

%%%%%%%%%%%%%%%

%%%%%%%%%%%%%%%%%%%%%%%%%%%%%%%%%%%%%%%%%%%%%%%%%%%%%%%%%%%%%%%%%%%%%%%%%%%%%%%%%%%%%%%%%%%%%%%%%%%

@Article{Barlow85,
  title   = {{Methods of Analysis of Nonstationary EEGs, with Emphasis on Segmentation Techniques: 
             A Comparative Review}},
  author  = {Barlow, John S},
  journal = {{Journal of Clinical Neurophysiology}},
  volume  = {2},
  number  = {3},
  pages   = {267--304},
  year    = {1985},
  publisher = {LWW}
}

@Article{Kaplan99,
  title   = {The problem of segmental description of human electroencephalogram},
  author  = {Kaplan, A Ya},
  journal = {HUMAN PHYSIOLOGY C/C OF FIZIOLOGIIA CHELOVEKA},
  volume  ={25},
  pages   = {107--114},
  year    = {1999},
  publisher = {CONSULTANTS BUREAU}
}

@Book{Ermentrout10,
    title={Mathematical {F}oundations of {N}euroscience},
    author={Ermentrout, G Bard and Terman, David H},
    volume={35},
    year={2010},
    publisher={Springer {S}cience \& {B}usiness {M}edia}
}


@Misc{Britannica,
    author       = {{T}he {E}ditors of {E}ncyclop{\ae}dia {Britannica}},
    title        = {{Electroencephalogaphy}},
    howpublished = {\url{https://www.britannica.com/science/electroencephalography}},
    note         = {Revisado: 2017-11-15}
}

@Article{Barbour14,
    title   = {psd: {A}daptive, sine multitaper power spectral density estimation for {R}},
    author  = {Barbour, Andrew J 
               and Parker, Robert L},
    journal = {Computers \& {G}eosciences},
    volume  = {63},
    pages   = {1--8},
    year    = {2014},
    publisher = {Elsevier}
}


@Article{Rodriguez11,
    title   = {Multichannel {D}etrended {F}luctuation {A}nalysis {R}eveals {S}ynchronized 
               {P}atterns of {S}pontaneous {S}pinal {A}ctivity in {A}nesthetized {C}ats},
    author  = {Rodr{\'\i}guez, Erika E 
               and Hern{\'a}ndez-Lemus, Enrique 
               and Itz{\'a}-Ortiz, Benjam{\'\i}n A 
               and Jim{\'e}nez, Ismael 
               and Rudom{\'\i}n, Pablo},
    journal = {PLoS {O}ne},
    volume  = {6},
    number  = {10},
    pages   = {e26449},
    year    = {2011},
    publisher = {Public Library of Science}
}


@Article{Bryce12,
    title   = {Revisiting detrended fluctuation analysis},
    author  = {Bryce, RM and Sprague, KB},
    journal = {Scientific reports},
    volume  = {2},
    year    = {2012},
    publisher= {Nature Publishing Group}
}

@Misc{Censo10,
    author       = {{INEGI}},
    title        = {{Censo de Población y Vivienda 2010}},
    howpublished = {\url{http://www.beta.inegi.org.mx/proyectos/ccpv/2010/}},
    note         = {Revisado: 2017-11-15}
}

@Misc{Intercensal15,
    author       = {{INEGI}},
    title        = {{Encuesta Intercensal} 2015},
    howpublished = {\url{http://www.beta.inegi.org.mx/proyectos/enchogares/especiales/intercensal/}},
    note         = {Revisado: 2017-11-15}
}

@Booklet{Valeria,
    author =    {Garc\'ia-Mu\~noz, V.
    		     and Rodr\'iguez Torres, E.
    		     and Res\'endiz-Flores, O.
                 and V\'azquez-Tagle Gallegos, G. R.
                 and Rosales-Lagarde, A.},
    title =     {El color del ruido durante el sueño {MOR} en el adulto mayor con deterioro 
    			 cognitivo},
    year =      {2016},
    note =      {XLIX Congreso Nacional Sociedad Matemática Mexicana. Aguascalientes, M\'exico}
}

@Article{Berger29,
    title     = {{\"U}ber das elektrenkephalogramm des {M}enschen},
    author    = {Berger, Hans},
    journal   = {European Archives of Psychiatry and Clinical Neuroscience},
    volume    = {87},
    number    = {1},
    pages     = {527--570},
    year      = {1929},
    publisher = {Springer}
}

@Manual{R_fractal,
  title  = {fractal: Fractal Time Series Modeling and Analysis},
  author = {William Constantine and Donald Percival},
  year   = {2016},
  note   = {R package version 2.0-1},
  url    = {https://CRAN.R-project.org/package=fractal},
}

@Manual{R_citar,
  title        = {R: A Language and Environment for Statistical Computing},
  author       = {{R Core Team}},
  organization = {R Foundation for Statistical Computing},
  address      = {Vienna, Austria},
  year         = {2015},
  url          = {https://www.R-project.org/},
}

@Article{Clark98,
   title   = {The origin of biopotentials},
   author  = {Clark Jr, J. W.},
   journal = {Medical instrumentation: application and design},
   volume  = {3},
   pages   = {121--182},
   year    = {1998},
}


@Incollection{Clark98_2,
    author       = {Clark, Jr., John W}, 
    title        = {The {O}rigin of {B}iopotentials},
    booktitle    = {Medical {I}nstrumentation. {A}pplications and {D}esign},
    publisher    = {Wiley},
    year         = {2009},
    editor       = {Webster, John G},
    chapter      = {4},
    pages        = {126--188},
    address      = {Estados Unidos},
    edition      = {4},
}

@Incollection{historia_eeg,
    author    = {Niedermeyer, Ernst 
                 and Schomer, Donald L},
    title     = {Historical {A}spects of {EEG}},
    booktitle = {Niedermeyer's {E}lectroencephalography: {B}asic {P}rinciples, {C}linical 
                 {A}pplications, and {R}elated {F}ields},
    publisher = {Lippincott {W}illiams \& {W}ilkins},
    year      = {2011},
    editor    = {Schomer, Donald L and Lopes Da Silva, Fernando},
    chapter   = {1},
    pages     = {1--16},
    adress    = {Estados Unidos},
    edition   = {6}
}


@ARTICLE{Cleveland1990,
    author =  {Cleveland, Robert B
               and Cleveland, William S 
               and McRae, Jean E
               and Terpenning, Irma},
    year =    {1990},
    title =   {{STL}: {A} {S}easonal-{T}rend {D}ecomposition {P}rocedure {B}ased on {L}oess},
    journal = {Journal of {O}fficial {S}tatistics},
    pages =   {3--73},
    volume =  {6},
    numer =   {1}
}

@ARTICLE{rudomin11,
    author =  {Rodr\'iguez, E. E. 
               and Hern\'andez-Lemus, E. 
               and Itz\'a-Ortiz, B. A. 
               and Jim\'enez, I. 
               and Rudom\'in, P.},
    title =   {Multichannel detrended fluctuation analysis reveals synchronized patterns of 
               spontaneous spinal activity in anesthetized cats},
    year =    {2011},
    journal = {PLoS One},
    volume =  {10},
    number =  {6}
}

@Booklet{VazquezTagle16,
    author =    {V\'azquez-Tagle Gallegos, G. R.
                 and Garc\'ia-Mu\~noz, V.
                 and Rosales-Lagarde, A.
                 and Rodr\'iguez Torres, E.
                 and Mart\'inez-Alcal\'a, C.
                 and Res\'endiz-Flores, O.},
    title =     {Correlaci\'on inter-hemisf\'erica durante el sueño {MOR} del {A}dulto {M}ayor 
                 con {D}eterioro {C}ognitivo},
    year =      {2016},
    note =      {Congreso Nacional, Sociedad Mexicana de Ciencias Fisiol\'ogicas. Campeche,
                 M\'exico}
}

@article{Rosales14,
    title   = {La relaci{\'o}n sue{\~n}os-cerebro y sus modelos},
    author  = {Rosales-Lagarde, Alejandra},
    journal = {Ludus {V}italis},
    volume  = {22},
    number  = {41},
    pages   = {311--331},
    year    = {2016}
}
%%%%%%%%%%%%%%%%%%%%%%%%%%%%%%%%%%%%%%%%%%%%%%%%%%%%%%%%%%%%%%%%%%%%%%%%%%%%%%%%%%%%%%%%%%%%%%%%%%%