%%%%%%%%%%%%%%%%%%%%%%%%%%%%%%%%%%%%%%%%%%%%%%%%%%%%%%%%%%%%%%%%%%%%%%%%%%%%%%%%%%%%%%%%%%%%%%%%%%%
@Article{McEwen75,
    title     = {Modeling the {S}tationarity and {G}aussianity of {S}pontaneous 
                 {E}lectroencephalographic {A}ctivity},
    author    = {McEwen, James A 
                 and Anderson, Grant B},
    journal   = {IEEE {T}ransactions on {B}iomedical {E}ngineering},
    volume    = {BME-22},
    number    = {5},
    pages     = {361--369},
    year      = {1975},
    publisher = {IEEE}
}

@Article{Klonowski09,
    title     = {Everything you wanted to ask about EEG but were afraid to get the right answer},
    author    = {Klonowski, Wlodzimierz},
    journal   = {Nonlinear Biomedical Physics},
    volume    = {3},
    number    = {1},
    pages     = {2},
    year      = {2009},
    publisher = {BioMed Central}
}

@Article{Sugimoto78,
    title     = {On the stationarity and normality of the electroencephalographic data during 
                 sleep stages},
    author    = {Sugimoto, Hideyuki 
                 and Ishii, Naohiro 
                 and Iwata, Akira 
                 and Suzumura, Nobuo 
                 and Tomita, Takao},
    journal   = {Computer {P}rograms in {B}iomedicine},
    volume    = {8},
    number    = {3--4},
    pages     = {224--234},
    year      = {1978},
    publisher = {Elsevier}
}

@Article{Cohen77,
    title     = {Stationarity of the human electroencephalogram},
    author    = {Cohen, Bernard Allan 
                 and Sances, Anthony},
    journal   = {Medical and Biological Engineering and Computing},
    volume    = {15},
    number    = {5},
    pages     = {513--518},
    year      = {1977},
    publisher = {Springer}
}

@Article{Kawabata73,
    title     = {A {N}onstationary {A}nalysis of the {E}lectroencephalogram},
    author    = {Kawabata, Nobuo},
    journal   = {IEEE Transactions on Biomedical Engineering},
    volume    = {BME-20},
    number    = {6},
    pages     = {444--452},
    year      = {1973},
    publisher = {IEEE}
}

%%%%%%%%%%%%%%%%%%%%%%%%%%%%%%%%%%%%%%%%%%%%%%%%%%%%%%%%%%%%%%%%%%%%%%%%%%%%%%%%%%%%%%%%%%%%%%%%%%%