%%%%%%%%%%%%%%%%%%%%%%%%%%%%%%%%%%%%%%%%%%%%%%%%%%%%%%%%%%%%%%%%%%%%%%%%%%%%%%%%%%%%%%%%%%%%%%%%%%%

@ARTICLE{Abrisqueta,
author = {Abrisqueta-G\'omez, J. and Ostrosky-Solis, F. and Bertolucci, P.H.F. and Bueno, F.A.O.},
title = {Applicability of the Abbreviated Neuropsychologic Battery (NEUROPSI) in Alzheimer Disease Patients.},
journal = {Alz Dis Assoc Disord},
year = {2008},
volume = {22},
pages = {72-78}
}

@book{AASM2007,
  title={The AASM Manual for the scoring of sleep and associated events. Rules, terminology and technical specifications.},
  author={AASM},
  year={2007},
  publisher={Westchester, IL, U.S.A.}
  }

@ARTICLE{Aserinsky,
author = {Aserinsky, E. and Kleitman, N.},
title = {Regularly occurring periods of eye motility, and concomitant phenomena, during sleep. },
journal = {Science},
year = {1953 },
volume = {118},
pages = {273-274 }
}

@ARTICLE{Bak1987,
  title   = {{Self-organized criticality: An explanation of the 1/f noise}},
  author  = {Bak, Per 
  		     and Tang, Chao 
  		     and Wiesenfeld, Kurt},
  journal = {Physical review letters},
  volume  = {59},
  number  = {4},
  pages   = {381},
  year    = {1987},
  publisher = {APS}
}

@ARTICLE{Bak1996,
author = {Bak, P.},
title = {How nature works: the science of self-organized criticality.},
journal = {Nature},
year = {1996},
volume = {383(6603)},
pages = {772-773}
}

@ARTICLE{Blake,
author = {Blake, M. G. and Boccia, M. M.},
title = {Basal Forebrain Cholinergic System and Memory.},
journal = {Curr Top Behav Neurosci.},
year = {2017},
volume = { },
pages = { }
}

@ARTICLE{Bojorges-Valdez,
author = {Bojorges-Valdez, E. Echeverría, J.C. and Yañez-Suárez, O.},
title = {Evaluation of the continuous detection of mental calculation episodes as a BCI control input.},
journal = {Computers in Biology and Medicine},
year = {2015},
volume = {64},
pages = {155-162}
}

@ARTICLE{Braun,
author = {Braun, A. and Balkin, T. and Wesenten, N. and Carson, R. and Varga, M. and Baldwin, P. and Selbie, S. and Belenky, G. and Herscovitch, P. },
title = {Regional cerebral blood flow throughout the sleep-wake cycle. An H15 2 O PET study. },
journal = {Brain},
year = {1997},
volume = {120},
pages = {1173-1197}
}

@ARTICLE{Brayet,
author = {Brayet, P. and Petit, D. and Frauscher, B. and Gagnon, J. F. and Gosselin, N. and  Gagnon, K. and Rouleau, I. and Montplaisir, J. },
title = {Quantitative EEG of Rapid-Eye-Movement Sleep: A Marker of Amnestic Mild Cognitive Impairment.},
journal = {Clin EEG Neurosci },
year = {2015 },
volume = {47 },
pages = {134-141. }
}

@ARTICLE{Chen,
author = {Chen, P.C. and Wu, D. and Chen, C.C. and Chi, N.F. and Kang, J.H.and Hu, C.J.},
title = {Rapid eye movement sleep atonia in patients with cognitive impairment. },
journal = {J Neurol Sci },
year = {2011 },
volume = {15},
pages = {34-37}
}

@book{CONAPO2010,
  title={Proyecciones de población de México 2000-2050 (Projections about the population of Mexico 2000-2050)},
  author={CONAPO},
  year={2010},
  publisher={Consejo Nacional de Población, México.}
}


@ARTICLE{Corsi2008,
author = {Corsi-Cabrera, M. and Guevara, M.A. and del Río-Portilla, Y.},
title = {Brain activity and temporal coupling related to eye movements during REM sleep: EEG and MEG results. },
journal = {Brain research },
year = {2008 },
volume = {1235},
pages = {82-91}
}

@ARTICLE{Corsi1987,
author = {Corsi-Cabrera,  M. and Meneses, S. and Molina, E. },
title = {Correlaci\'on interhemisf\'erica y acoplamiento temporal de la actividad el\'ectrica cortical durante la vigilia, la etapa II y el sueño parad\'ojico en el hombre },
journal = {Revista Mexicana de Psicolog\'ia },
year = {1987},
volume = {4},
pages = {100-108 }
}

@ARTICLE{Corsi1989,
author = {Corsi-Cabrera, M. and Ramos, J. and Meneses, S.},
title = {Effect of normal sleep and sleep deprivation on interhemispheric correlation during subsequent wakefulness in man.},
journal = {Electroencephalography and clinical neurophysiology},
year = {1989 },
volume = {72 },
pages = {305-311 }
}

@ARTICLE{Corsi2003,
author = {Corsi-Cabrera, M. and Mir\'o, E. and del R\'io-Portilla, Y. and P\'erez-Garci, E. and Villanueva, Y. and Guevara, M.A.},
title = {Rapid eye movement sleep dreaming is characterized by uncoupled EEG activity between frontal and perceptual cortical regions },
journal = {Brain and cognition},
year = {2003},
volume = {51 },
pages = {337-345 }
}

@BOOK{Corsi1983,
author = {Corsi, M.},
title = {Psicofisiolog\'ia del sueño},
publisher = {Trillas, México},
year = {1983},
edition = {},
isbn = {}
}


@ARTICLE{Corsi2015,
author = {Corsi-Cabrera, M. and Rosales-Lagarde, A. and Del R\'io-Portilla, Y. and Sifuentes-Ortega, R. and Alcántara-Quintero, B. },
title = {Effects of selective REM sleep deprivation on prefrontal gamma activity and executive functions.  },
journal = {International journal of psychophysiology },
year = {2015 },
volume = {96},
pages = { 115-124, doi: 10.1016/j.ijpsycho.2015.02.027}
}

@ARTICLE{Corsi2014,
author = {Corsi-Cabrera, M. and Sifuentes-Ortega, R. and Rosales-Lagarde, A. and Rojas-Ramos, O.A. and Del R\'io-Portilla, Y. },
title = {Enhanced synchronization of gamma activity between frontal lobes during REM sleep as a function of REM sleep deprivation in man.},
journal = {Experimental brain research },
year = { 2014},
volume = {232},
pages = {1497-1508, doi: 10.1007/s00221-013-3802-z  }
}



@ARTICLE{Datta2004,
author = {Datta, S. and Mavanji, V. and Ulloor, J. and Patterson, E.H},
title = {Activation of phasic pontine-wave generator prevents rapid eye movement sleep deprivation-induced learning impairment in the rat: a mechanism for sleep-dependent plasticity.},
journal = {Journal of neuroscience },
year = {2004},
volume = {24},
pages = {1416-1427}
}

@ARTICLE{Jouvet1962,
author = {Jouvet, M.},
title = {Recherche sur les structures nerveuses et les mechanisms responsables des differéntes phases du sommeil physiologiques },
journal = {Archives Italiennes de Biologie},
year = {1962 },
volume = { },
pages = {125-206}
}

@ARTICLE{Jouvet1959,
author = {Jouvet, M. and Michel, F.},
title = {Correlations electromyographiques du sommeil chez le chat decortiqué et mesencephalique cronique.  },
journal = {Compt. Rend Soc. Biol },
year = {1959 },
volume = {153},
pages = {422-425 }
}


@ARTICLE{Fishbein1971,
author = {Fishbein, W. },
title = {Disruptive effects of rapid eye movement sleep deprivation on long-term memory.},
journal = {Physiology and behavior },
year = {1971 },
volume = {6 },
pages = { 276-282}
}

@ARTICLE{Fishbein1977,
author = {Fishbein, W. and Gutwein, B. M.},
title = {Paradoxical sleep and memory storage processes.},
journal = {Behavioral biology },
year = {1977 },
volume = {19 },
pages = {425-464 }
}

@ARTICLE{Goldberger2002,
author = {Goldberger, A. L. and Amaral, L. A. and Hausdorff, J. M. and Ivanov, P. C. and Peng, C. K. and  Stanley, H. E.},
title = {Fractal dynamics in physiology: alterations with disease and aging. },
journal = {Proceedings of the National Academy of Sciences },
year = {2002},
volume = {99(suppl 1)},
pages = {2466-2472 }
}

@ARTICLE{Goldberger2000,
author = {Goldberger, A. L. and Amaral, L. A. and Glass, L. and Hausdorff, J. M. and Ivanov, P. C. and Mark, R. G. and  Stanley, H. E.},
title = {Physiobank, physiotoolkit, and physionet.},
journal = {Circulation },
year = { 2000},
volume = { 101},
pages = {23 }
}

@ARTICLE{Guevara2003,
author = {Guevara, M. A. and Ramos, J. and Hernández-González, M. and Zarabozo, D. and Corsi-Cabrera, M. },
title = {POTENCOR: a program to calculate power and correlation spectra of EEG signals.},
journal = {Computer methods and programs in biomedicine},
year = {2003 },
volume = {72(3)},
pages = {241-250 }
}

@ARTICLE{Guler2005,
author = {G\"uler, N. F. and \"Ubeyli, E. D. and  G\"uler, I. },
title = {Recurrent neural networks employing Lyapunov exponents for EEG signals classification.},
journal = {Expert systems with applications },
year = {2005},
volume = {29(3)},
pages = {506-514}
}

@ARTICLE{Ioannides2004,
author = {Ioannides, A. A. and Corsi-Cabrera, M. and Fenwick, P.B.C. and del Río-Portilla, Y. and Laskaris, N. Khurshudyan, A. and Theofilou, D. and Shibata, T. and Uchida, S. and Nakabayashi, T. and Kostopoulos, G.K. },
title = {MEG tomography of human cortex and brainstem activity in waking and REM sleep saccades. },
journal = {Cerebral cortex},
year = {2004 },
volume = {14},
pages = {56-72}
}

@Article{kantel,
  title   = {Multifractal detrended fluctuation analysis of nonstationary time series},
  author  = {Kantelhardt, Jan W 
  			 and Zschiegner, Stephan A 
  			 and Koscielny-Bunde, Eva 
  			 and Havlin, Shlomo 
  			 and Bunde, Armin 
  			 and Stanley, H Eugene},
  journal = {{Physica A: Statistical Mechanics and its Applications}},
  volume  = {316},
  number  = {1},
  pages   = {87--114},
  year    = {2002},
  publisher = {Elsevier}
}

@ARTICLE{Karashima2002,
author = {Karashima, A. and Nakamura, K. and Sato, N. and Nakao, M. and Katayama, N. and Yamamoto, M. },
title = {Phase-locking of spontaneous and elicited ponto-geniculo-occipital waves is associated with acceleration of hippocampal theta waves during rapid eye movement sleep in cats.},
journal = {Brain research },
year = {2002 },
volume = {958},
pages = {347-358 }
}

@ARTICLE{Katz1970,
author = {Katz, S. and Downs, T. D. and Cash, H. R. and Grotz, R.C. },
title = {Progress in development of the index of ADL },
journal = {Gerontologist},
year = {1970 },
volume = {10},
pages = {20-30 }
}

 
@ARTICLE{Leconte1971,
author = {Leconte, P. and  Hennevin, E. },
title = {Augmentation de la dur\'ee de sommeil paradoxal cons\'ecutive a un apprentissage chez le rat.},
journal = {C.R. Acad. Sci. Paris },
year = {1971},
volume = {273},
pages = {86-88}
}

@ARTICLE{Leconte1972,
author = { Leconte, P. and Hennevin, E},
title = {Sommeil paradoxal et m\'emorisation: effet du d\'elai d\'endormissement chez le rat.},
journal = {Journal de physiologie},
year = { 1972},
volume = {65},
pages = {255-256 }
}


@ARTICLE{Lipsitz,
author = {Lipsitz, L. A. and  Goldberger, A.L.  },
title = {Loss of \"complexity\" and aging, potential applications of fractals and chaos theory to senescence.},
journal = {Journal of the American Medical Association},
year = {1992 },
volume = {267(13)},
pages = {1806-1809 doi:10.1001/jama.1992.03480130122036 }
}

@ARTICLE{Llinas,
author = {Llin\'as, R. and Ribary, U.  },
title = {Coherent 40 Hz oscillation characterizes dream state in humans },
journal = {Proc. Natl. Acad. Sci. USA,},
year = {1993 },
volume = {90},
pages = {2078-2081 }
}

@article{liholste,
  title   = {Universal 1/f noise, crossovers of scaling exponents, and chromosome-specific 
  		     patterns of guanine-cytosine content in {DNA} sequences of the human genome},
  author  = {Li, Wentian and 
  			 Holste, Dirk},
  journal = {{Physical Review E}},
  volume  = {71},
  number  = {4},
  pages   = {041910},
  year    = {2005},
  publisher = {APS}
}

@ARTICLE{Louie,
author = {Louie, K. and Wilson, M.  },
title = {Temporally structured replay of awake hippocampal ensemble activity during rapid eye movement sleep },
journal = {Neuron},
year = {2001 },
volume = {29},
pages = {145-156 }
}

@ARTICLE{Lucero,
author = { Lucero, M.},
title = {Lenghtening of REM sleep duration consecutive to learning in the rat.},
journal = {Brain research},
year = {1970 },
volume = {20},
pages = { 319-322}
}

@ARTICLE{McKhann,
author = {McKhann, G. and Drachman, D. and Folstein, M. and Katzman, R. and Price, D. and Stadlan, E.M.  },
title = { Clinical diagnosis of Alzheimer\'s disease: report of the NINCDS-ADRDA Work group under the auspicies of Department of Health and Human Services Task Force on Alzheimer\'s disease},
journal = {Neurology},
year = {1984 },
volume = {34},
pages = {939-944 }
}


@Article{Mejia-Arango2007,
  title   = {Deterioro cognoscitivo y factores asociados en adultos mayores en M\'exico.},
  author  = {Mej\'ia-Arango, S. and  Jaimes-Miguel, A. and Villa, A.  and Ruiz-Arregui, L. and Guti\'errez-Robledo, L.M. },
  journal = {Salud Pública de México},
  volume  = {49},
  number  = {},
  pages   = {S475-S481},
  year    = {2007},
  publisher = {}
}

@Article{Mejia-Arango2011,
  author  = {Mej\'ia-Arango, S. and Gutiérrez-Robledo, L.M.},  
  title   = {Prevalence and incidence rates of dementia and cognitive impairment no dementia in the Mexican population: data from the Mexican Health and Aging Study.},
  journal = {J. Aging Health},
  volume  = {23},
  number  = {},
  pages   = {1050-1074. },
  year    = {2011},
  publisher = {Doi:10.1177/0898264311421199.}
}

@Article{Montes2012,
  author  = {Montes-Rojas, J. and  Gutiérrez-Gutiérrez, L. and  Silva-Pereyra, J.F. and  García-Ramos, G. and del Río Portilla, Y.},
  title   = {Perfil cognoscitivo de adultos mayores de 60 años con y sin deterioro cognoscitivo. },
  journal = {Rev Chil Neuropsicol},
  volume  = {7},
  number  = {},
  pages   = {121-126},
  year    = {2012},
  publisher = {}
}

 
@Article{Moruzzi1963,
  author  = {Moruzzi, G.},
  title   = {Active processes in the brain stem during sleep.Harvey Lectures, 58, 233-297, in María Corsi. (1983).},
  journal = {Psicofisiología del sueño (Psychophysiology of sleep). },
  volume  = {},
  number  = {},
  pages   = {},
  year    = {1963},
  publisher = {Trillas, México.}
}

@Article{Ostrosky1999,
  author  = {Ostrosky-Sol\'is, F. and Ardila, A. and Rosselli, M. },
  title   = {Neuropsi: A brief neuropsychological test battery in Spanish with norms by age and educational level. },
  journal = {Journal of the International Neuropsychological Society},
  volume  = {5},
  number  = {},
  pages   = {413-433},
  year    = {1999},
  publisher = {}
}

@Article{Ostrosky2004,
  author  = {Ostrosky-Sol\'is, F. and Ram\'irez, M. and Ardila, A. },
  title   = {Effects of culture and education on neuropsychological testing: a preliminary study with indigenous and nonindigenous population},
  journal = {Applied Neuropsychology},
  volume  = {11},
  number  = {},
  pages   = {186-193},
  year    = {2004},
  publisher = {}
}  
  
  @Article{Pavlides1988,
  author  = {Pavlides,  C. and  Greenstein, Y.J. and Grudman, M. and Winson, J. },
  title   = {Long-term potentiation in the dentate gyrus is induced preferentially on the positive phase of theta-rhythm},
  journal = {Brain research},
  volume  = {439},
  number  = {},
  pages   = {383-387},
  year    = {1988},
  publisher = {}
}

@Article{Pearlman1971,
  author  = {Pearlman, C. A},
  title   = {Latent learning impaired by REM sleep deprivation},
  journal = {Psychonomic Science},
  volume  = {25},
  number  = {},
  pages   = {135-136},
  year    = {1971},
  publisher = {}
}

@Article{Pearlman1973,
  author  = {Pearlman, C.A. },
  title   = {REM sleep deprivation impairs latent extinction in rats},
  journal = {Physiology and behavior},
  volume  = {11},
  number  = {},
  pages   = {233-237},
  year    = {1973},
  publisher = {}
}

@Article{Pearlman1974,
  author  = {Pearlman, C.A. and  Becker, M.  },
  title   = {REM sleep deprivation impairs bar press adquisition in rats.},
  journal = { Physiology and behavior},
  volume  = {13},
  number  = {},
  pages   = {813-817},
  year    = {1974},
  publisher = {}
}  
  
 
 @Article{Peng,
  title   = {Quantification of scaling exponents and crossover phenomena in nonstationary heartbeat 
  			 time series},
  author  = {Peng, C. K. and Havlin, S. and Stanley, H E. and Goldberger, A. L.},
  journal = {{Chaos: An Interdisciplinary Journal of Nonlinear Science}},
  volume  = {5},
  number  = {1},
  pages   = {82--87},
  year    = {1995},
  publisher = {AIP}
}


 
@Article{Peng1994,
  author  = {Peng, C. K. and  Buldyrev, S. V. and  Havlin, S. and Simons, M. and Stanley, H. E. and  Goldberger, A. L.},
  title   = {Mosaic organization of DNA nucleotides},
  journal = {Physical review e},
  volume  = {49},
  number  = {2},
  pages   = {1685},
  year    = {1994},
  publisher = {}

}



@Article{Perez-Garci2001,
  author  = {P\'erez-Garci, E. and del R\'io-Portilla, Y.and  Guevara, M.A. and Arce, C.and  Corsi-Cabrera, M.},
  title   = {Paradoxical sleep is characterized by uncoupled gamma activity between frontal and perceptual regions},
  journal = {Sleep},
  volume  = {24},
  number  = {},
  pages   = {118-126},
  year    = {2001},
  publisher = {}
}
 
@Article{Price1980,
  author  = {Price L.J. and Kremen I.},
  title   = {Variations in behavioral response threshold within the REM period of human sleep.},
  journal = {Psychophysiology},
  volume  = {17},
  number  = {133-140},
  pages   = {},
  year    = {1980},
  publisher = {}
}

@Article{Rechtshaffen1968,
  author  = {Rechtshaffen, A. and Kales, A.},
  title   = {A manual of standarized terminology, techniques and scoring system for sleep stages of human subjects.},
  journal = {Brain information service/Brain Research Institute},
  volume  = {},
  number  = {},
  pages   = {},
  year    = {1968},
  publisher = {Los Angeles, EUA}
}



@Article{Rodriguez2011,
  author  = {Rodríguez, E. E. and Hernández-Lemus, E. and Itzá-Ortiz, B. A. and Jiménez, I. and Rudom\'in, P. },
  title   = {Multichannel detrended fluctuation analysis reveals synchronized patterns of spontaneous spinal activity in anesthetized cats.},
  journal = {PLoS One},
  volume  = {6},
  number  = {10},
  pages   = {e26449},
  year    = {2011},
  publisher = {}
}

@Article{Rodriguez2014,
  author  = {Rodr\'iguez, E.E. and Pliego-Pastrana, P. and L\'opez-Noguerola, J.S.},
  title   = {Cognitive decline. An analysis of the elderly population in isolated regions of México.},
  journal = {The International journal of aging and society},
  volume  = {3},
  number  = {},
  pages   = {11-22},
  year    = {2014},
  publisher = {}
}

@Article{Rosales-Lagarde2009,
  author  = {Rosales-Lagarde, A. and del R\'io-Portilla, Y. and Guevara, M. A. and Corsi-Cabrera, M. },
  title   = {Ca\'ida abrupta del tono muscular al entrar a sue\~no MOR en el ser humano.},
  journal = {Salud Mental},
  volume  = {31},
  number  = {},
  pages   = {117-123},
  year    = {2009},
  publisher = {}
}

@Article{Rosales-Lagarde2016,
  author  = {Rosales-Lagarde, A. and Martínez-Alcalá, C. and Pliego-Pastrana, P. },
  title   = {Analysis of Neuropsychological Tests and functions to Diagnose Mild Cognitive Impairment in Mexico.},
  journal = {Alzheimer\'s and Dementia,},
  volume  = {12},
  number  = {supplement},
  pages   = {746},
  year    = {2016},
  publisher = {DOI: http://dx.doi.org/10.1016/j.jalz.2016.06.1557}
}

@Article{rosas,
  title   = {Multifractal analysis of {DNA} walks and trails},
  author  = {Rosas, Alexandre 
  			 and Nogueira Jr, Edvaldo 
  			 and Fontanari, Jose F},
  journal = {{Physical Review E}},
  volume  = {66},
  number  = {6},
  pages   = {061906},
  year    = {2002},
  publisher={APS}
}

@Article{Schliebs2011,
  author  = {Schliebs, R. and Arendt, T.},
  title   = {The cholinergic system in aging and neuronal degradation, Behavioural},
  journal = {Brain Research},
  volume  = {221},
  number  = {},
  pages   = {555-563},
  year    = {2011},
  publisher = {doi:10.1016/j.bbr.2010.11.058}
}

@Article{Smith,
  author  = {Smith, C. and Lapp, L.},
  title   = {Increases in number of REMS and REM density in humans following an intensive learning period.},
  journal = {Sleep},
  volume  = {14},
  number  = {},
  pages   = {325-330},
  year    = {2001},
  publisher = {}
}

@article{invariance,
  title   = {Self-similarity of complex networks},
  author  = {Song, Chaoming 
  			 and Havlin, Shlomo 
  			 and Makse, Hernan A},
  journal = {Nature},
  volume  = {433},
  number  = {7024},
  pages   = {392--395},
  year    = {2005},
  publisher = {Nature Publishing Group}
}


@Article{SteriadeIntracortical1996,
  author  = {Steriade, M. and Amzica, F.},
  title   = {Intracortical and corticothalamic coherency of fast spontaneous oscillations.},
  journal = {Proc. Natl. Acad. Sci.},
  volume  = {93},
  number  = {},
  pages   = {2533-2538},
  year    = {1996},
  publisher = {}
}
@Article{Steriade1996,
  author  = {Steriade, M. and Amzica, F. and Contreras, D. },
  title   = {Synchronization of fast (30-40Hz) spontaneous cortical rhythms during brain activation. },
  journal = {The journal of neuroscience},
  volume  = {16},
  number  = {},
  pages   = {392-417},
  year    = {1996},
  publisher = {}
}

@Article{tele,
  title   = {Long-range correlations in two-dimensional spatio-temporal seismic fluctuations},
  author  = {Telesca, Luciano 
  		     and Lovallo, Michele 
  		     and Lapenna, Vincenzo 
  		     and Macchiato, Maria},
  journal = {Physica A: Statistical Mechanics and its Applications},
  volume  = {377},
  number  = {1},
  pages   = {279--284},
  year    = {2007},
  publisher = {Elsevier}
}

@Article{Ugalde2010,
  author  = {Ugalde, \'O.},
  title   = {Guía clínica para el tratamiento de los trastornos psicogeriátricos (Clinical guide for the treatment of the psychogeriatric disorders).},
  journal = {},
  volume  = {},
  number  = {},
  pages   = {},
  year    = {2010},
  publisher = {Instituto Nacional de Psiquiatría Ramón de la Fuente.}
}


@Article{CR1,
  title   = {A general model for the origin of allometric scaling laws in biology},
  author  = {West, Geoffrey B. 
  			 and Brown, James H. 
  			 and Enquist, Brian J.},
 journal = {Science},
  volume  = {276},
  number  = {5309},
  pages   = {122--126},
  year    = {1997},
  publisher = {American Association for the Advancement of Science}
}

@Article{anesthesia,
  title   = {{EEG} complexity as a measure of depth of anesthesia for patients},
  author  = {Zhang, X-S 
  			 and Roy, Rob J 
  			 and Jensen, Erik W},
  journal = {{IEEE Transactions on Biomedical Engineering}},
  volume  = {48},
  number  = {12},
  pages   = {1424--1433},
  year    = {2001},
  publisher = {IEEE}
}

@Article{CR2,
  title   = {{On Coulomb’s inverse square law}},
  author  = {Heering, Peter},
  journal = {American journal of physics},
  volume  = {60},
  number  = {11},
  pages   = {988--994},
  year    = {1992},
  publisher = {AAPT}
}

@article{CR3,
  title   = {{10.9. The origins of Kepler's Third Law}},
  author  = {Gingerich, Owen},
  journal = {Vistas in astronomy},
  volume  = {18},
  pages   = {595--601},
  year    = {1975},
  publisher = {Elsevier}
}


%stationarity
@Article{Priestley65,
    title   = {Evolutionary {S}pectra and {N}on-stationary {P}rocesses},
    author  = {Priestley, Maurice B},
    journal = {Journal of the Royal Statistical Society. Series B (Methodological)},
    volume  = {27},
    number  = {2},
    pages   = {204--237},
    year    = {1965},
    publisher = {Wiley}
}

@Article{Priestley66,
    title   = {Design {R}elations for {N}on-stationary {P}rocesses},
    author  = {Priestley, Maurice B},
    journal = {Journal of the {R}oyal {S}tatistical {S}ociety. {S}eries {B} ({M}ethodological)},
    volume  = {28},
    number  = {1},
    pages   = {228--240},
    year    = {1966},
    publisher = {Wiley}
}


@ARTICLE{Priestley69,
    author =  {Priestley, Maurice B. 
               and Subba Rao, T.},
    title =   {A {T}est for {N}on-stationarity of {T}ime-series},
    journal = {Journal of the {R}oyal {S}tatistical {S}ociety. {S}eries {B} ({M}ethodological)},
    year =    {1969},
    volume =  {31},
    number =  {1},
    pages =   {140--149},
    publisher = {Wiley}
}

@BOOK{Priestley81,
   title =     {Spectral Analysis and Time Series},
   author =    {Priestley, M. B.},
   publisher = {Academic Press},
   year =      {1981},
   volume =    {1,2},
}

@article{XIONG2017,
title = "Detrended fluctuation analysis of multivariate time series",
journal = "Communications in Nonlinear Science and Numerical Simulation",
volume = "42",
pages = "12 - 21",
year = "2017",
issn = "1007-5704",
doi = "https://doi.org/10.1016/j.cnsns.2016.04.035",
url = "http://www.sciencedirect.com/science/article/pii/S1007570416301502",
author = "H. Xiong and P. Shang",
keywords = "Multivariate, Multi-scale, Detrended fluctuation analysis, Financial time series"
}

@article{ROSALESLAGARDE2017,
title = "STATIONARITY DURING REM SLEEP IN OLD ADULTS",
journal = "Alzheimer\'s and Dementia",
volume = "13",
number = "7, Supplement ",
pages = "P723 - P724",
year = "2017",
note = "2017 Abstract Supplement",
issn = "1552-5260",
doi = "https://doi.org/10.1016/j.jalz.2017.06.937",
url = "http://www.sciencedirect.com/science/article/pii/S1552526017311706",
author = "Alejandra Rosales-Lagarde and Erika Rodríguez-Torres and Julio Enciso-Alva and Claudia Martínez-Alcalá and Génesis Vázquez-Tagle and Margarita Tetlalmatzi-Montiel and Jorge Viveros and José Sócrates López-Noguerola"
}
%%%%%%%%%%%%%%%%%%%%%%%%%%%%%%%%%%%%%%%%%%%%%%%%%%%%%%%%%%%%%%%%%%%%%%%%%%%%%%%%%%%%%%%%%%%%%%%%%%%
@Article{Petersen01,
    title   = {Current concepts in mild cognitive impairment},
    author  = {Petersen, Ronald C 
               and Doody, Rachelle 
               and Kurz, Alexander 
               and Mohs, Richard C 
               and Morris, John C 
               and Rabins, Peter V 
               and Ritchie, Karen 
               and Rossor, Martin 
               and Thal, Leon 
               and Winblad, Bengt},
    journal = {Archives of neurology},
    volume  = {58},
    number  = {12},
    pages   = {1985--1992},
    year    = {2001},
    publisher = {American Medical Association}
}

@Article{Ostrosky00,
    title   = {Sensitivity and {S}pecificity of the {M}ini-{M}ental {S}tate {E}xamination in a 
               {S}panish-{S}peaking {P}opulation},
    author  = {Ostrosky-Sol{\'\i}s, Feggy 
               and L{\'o}pez-Arango, Gabriela 
               and Ardila, Alfredo},
    journal = {Applied {N}europsychology},
    volume  = {7},
    number  = {1},
    pages   = {25--31},
    year    = {2000},
    publisher = {Taylor \& Francis}
}

@Article{Brayet16,
    title   = {Quantitative {EEG} of {R}apid-{E}ye-{M}ovement {S}leep: {A} {M}arker of {A}mnestic 
               {M}ild {C}ognitive {I}mpairment},
    author  = {Brayet, Pauline 
               and Petit, Dominique 
               and Frauscher, Birgit 
               and Gagnon, Jean-Fran{\c{c}}ois 
               and Gosselin, Nadia 
               and Gagnon, Katia 
               and Rouleau, Isabelle 
               and Montplaisir, Jacques},
    journal = {Clinical {EEG} and {N}euroscience},
    volume  = {47},
    number  = {2},
    pages   = {134--141},
    year    = {2016},
    publisher ={SAGE Publications}
}

@Article{Contreras13,
    title   = {Sue{\~n}o a lo largo de la vida y sus implicancias en salud},
    author  = {Contreras, S Andrea},
    journal = {Revista M{\'e}dica Cl{\'\i}nica Las Condes},
    volume  = {24},
    number  = {3},
    pages   = {341--349},
    year    = {2013},
    publisher = {Elsevier}
}

@Article{Chen11,
    title   = {Rapid eye movement sleep atonia in patients with cognitive impairment},
    author  = {Chen, Po-Chih 
               and Wu, Dean 
               and Chen, Chih-Chung 
               and Chi, Nai-Fang 
               and Kang, Jiunn-Horng 
               and Hu, Chaur-Jong},
    journal = {Journal of the neurological sciences},
    volume  = {305},
    number  = {1},
    pages   = {34--37},
    year    = {2011},
    publisher = {Elsevier}
}

@Article{Becerra12,
    title   = {Neurofeedback in healthy elderly human subjects with electroencephalographic risk 
               for cognitive disorder},
    author  = {Becerra, Judith 
               and Fernandez, Thalia 
               and Roca-Stappung, Milene 
               and Diaz-Comas, Lourdes 
               and Gal{\'a}n, L{\'\i}dice 
               and Bosch, Jorge 
               and Espino, Marbella 
               and Moreno, Alma J 
               and Harmony, Thal{\'\i}a},
    journal = {Journal of Alzheimer's Disease},
    volume  = {28},
    number  = {2},
    pages   = {357--367},
    year    = {2012},
    publisher = {IOS Press}
}


@Book{Butkov07,
    title     = {Fundamentals of sleep technology},
    author    = {Butkov, Nic 
                 and Lee-Chiong, Teofilo L},
    year      = {2007},
    publisher = {Lippincott Williams \& Wilkins}
}


@book{Sanei07,
    title     = {EEG signal processing},
    author    = {Sanei, Saeid 
                 and Chambers, Jonathon A},
    year      = {2007},
    publisher = {John {W}iley \& {S}ons}
}

@article{Reid06,
    title   = {Sleep: {A} {M}arker of {P}hysical and {M}ental {H}ealth in the {E}lderly},
    author  = {Reid, Kathryn J 
               and Martinovich, Zoran 
               and Finkel, Sanford 
               and Statsinger, Judy 
               and Golden, Robyn 
               and Harter, Kathryne 
               and Zee, Phyllis C},
    journal = {The {A}merican {J}ournal of {G}eriatric {P}sychiatry},
    volume  = {14},
    number  = {10},
    pages   = {860--866},
    year    = {2006},
    publisher={Elsevier}
}

@Article{Potvin12,
    title   = {Sleep {Q}uality and 1-{Y}ear {I}ncident {C}ognitive {I}mpairment in 
               {C}ommunity-{D}welling {O}lder {A}dults},
    author  = {Potvin, Olivier 
               and Lorrain, Dominique 
               and Forget, H{\'e}len{\`e} 
               and Dub{\'e}, Micheline 
               and Grenier, S{\'e}bastien 
               and Pr{\'e}ville, Michel 
               and Hudon, Carol},
    journal = {{SLEEP}},
    volume  = {35},
    number  = {4},
    pages   = {491--499},
    year    = {2012},
    publisher = {Sleep Research Society}
}


@Article{Miyata13,
    title   = {Poor sleep quality impairs cognitive performance in older adults},
    author  = {Miyata, Seiko 
               and Noda, Akiko 
               and Iwamoto, Kunihiro 
               and Kawano, Naoko 
               and Okuda, Masato 
               and Ozaki, Norio},
    journal = {Journal of {S}leep {R}esearch},
    volume  = {22},
    number  = {5},
    pages   = {535--541},
    year    = {2013},
    publisher = {Wiley Online Library}
}

@Article{Amer13,
    title   = {Does self-reported sleep quality predict poor cognitive performance among elderly 
               living in elderly homes?},
    author  = {Amer, Motassem S 
               and Hamza, Sarah A 
               and El Akkad, Rania M 
               and Abdel Galeel, Yamen I I},
    journal = {Aging \& {M}ental {H}ealth},
    volume  = {17},
    number  = {7},
    pages   = {788--792},
    year    = {2013},
    publisher = {Taylor \& Francis}
}

@Booklet{PlanAlzheimer04,
    title =  {Plan de acción Alzheimer y otras demencias. M\'exico, 2014},
    author = {{Instituto Nacional de Geriatr\'ia} 
    		  and {Secretar\'ia de Salud}},
    year =   {2014},
    note =   {M\'exico},
}

@Article{Robles02,
    title     = {Propuesta de criterios para el diagn{\'o}stico cl{\'\i}nico del deterioro 
                cognitivo ligero, la demencia y la enfermedad de {A}lzheimer},
    author    = {Robles, A 
                 and Del Ser, T
                 and Alom, J
                 and Pe{\~n}a-Casanova, J
                 and {G}rupo {A}sesor del {G}rupo de {N}eurolog{í}a de la {C}onducta y {D}emencias
                     de la {S}ociedad {E}spa{ñ}ola de {N}eurolog{í}a},
    journal   = {Neurolog{\'\i}a},
    volume    = {17},
    number    = {1},
    pages     = {17--32},
    year      = {2002},
    publisher = {Doyma}
}
%                 and Grupo Asesor del Grupo de Neurolog\'ia de la Conducta y Demencias 
%                     de la Sociedad Española de Neurolog\'ia

@Article{Sosa12,
    title     = {Prevalence, distribution, and impact of mild cognitive impairment in Latin 
                 America, China, and India: a 10/66 population-based study},
    author    = {Sosa, Ana Luisa 
                 and Albanese, Emiliano 
                 and Stephan, Blossom C M 
                 and Dewey, Michael 
                 and Acosta, Daisy 
                 and Ferri, Cleusa P 
                 and Guerra, Mariella 
                 and Huang, Yueqin 
                 and Jacob, K S 
                 and Jim\'enez-Vel\'azquez, Ivonne Z 
                 and Llibre Rodriguez, Juan J
                 and Salas, Aquiles
                 and Williams, Joseph
                 and Acosta, Isaac
                 and Gonz\'alez-Viruet, Maribella
                 and Guerra Hernandez, Milagros A
                 and Shuran, Li
                 and Prince, Martin J
                 and Stewart, Robert},
    journal   = {PLoS Med},
    volume    = {9},
    number    = {2},
    pages     = {e1001170},
    year      = {2012},
    publisher = {Public Library of Science}
}

@Article{Kaiser00,
    title     = {{QEEG}: {S}tate of the {A}rt, or {S}tate of {C}onfusion},
    author    = {Kaiser, David A},
    journal   = {Journal of {N}eurotherapy},
    volume    = {4},
    number    = {2},
    pages     = {57--75},
    year      = {2000},
    publisher = {Taylor \& Francis}
}


%%%%%%%%%%%%%%%%%%%%%%%%%%%%%%%%%%%%%%%%%%%%%%%%%%%%%%%%%%%%%%%%%%%%%%%%%%%%%%%%%%%%%%%%%%%%%%%%%%%
@InBook{Jasper42,
    author    = {Jasper, H H},
    editor    = {Penfield, Walder 
                 and Erickson, Theadore C},
    title     = {Epilepsy and Cerebral Localization. A. Study of the Mechanism. Treatment and 
                 Prevention of Epileptic Seizures},
    chapter   = {Electrocephalography},
    publisher = {Southern Medical Journal},
    year      = {1942},
    volume    = {35}
}

@Article{Klem99,
    title   = {The ten-twenty electrode system of the {I}nternational {F}ederation},
    author  = {Klem, GH and L{\"u}ders, H O and Jasper, H H and Elger, C},
    journal = {Electroencephalography and {C}linical {N}europhysiology},
    volume  = {52},
    pages   = {3--6},
    year    = {1999},
    publisher = {International {F}ederation of {C}linical {N}europhysiology},
    note    = {(Suplemento)}
}


@Article{Jasper58,
    title   = {The {T}en {T}wenty {E}lectrode {S}ystem of the {I}nternational {F}ederation},
    author  = {Jasper, Herbert H},
    journal = {Electroencephalography and {C}linical {N}europhysiology},
    volume  = {10},
    number  = {2},
    pages   = {371--375},
    year    = {1958}
}

@Article{Jasper58_2,
    title   = {Report of the {C}ommittee on {M}ethods of {C}linical {E}xamination in 
               {E}lectroencephalography: 1957},
    author  = {Jasper, Herbert H},
    journal = {Electroencephalography and clinical neurophysiology},
    volume  = {10},
    pages   = {371--375},
    year    = {1958}
}

@Book{Chokroverty09,
    title     = {Sleep disorders medicine: basic science, technical considerations, 
                 and clinical aspects},
    author    = {Chokroverty, Sudhansu},
    year      = {2009},
    publisher = {Elsevier Health Sciences}
}

@PhdThesis{Sanhueza14,
    title  = {Programa de entrenamiento cerebral en adultos mayores sin deterioro cognitivo: 
              atenci{\'o}n, memoria y funciones ejecutivas},
    author = {Sanhueza Guzm{\'a}n, Claudia},
    year   = {2014},
    school = {Universidad Complutense de Madrid}
}

@Article{Ohayon04,
    title     = {Meta-{A}nalysis of {Q}uantitative {S}leep {P}arameters {F}rom {C}hildhood to {O}ld 
                 {A}ge in {H}ealthy {I}ndividuals: {D}eveloping {N}ormative {S}leep {V}alues 
                 {A}cross the {H}uman {L}ifespan},
    author    = {Ohayon, Maurice M 
                 and Carskadon, Mary A 
                 and Guilleminault, Christian 
                 and Vitiello, Michael V},
    journal   = {SLEEP},
    volume    = {27},
    number    = {7},
    pages     = {1255--1273},
    year      = {2004},
    publisher = {Sleep Research Society}
}


@Book{AASM07,
    title     = {The AASM manual for the scoring of sleep and associated events: rules, 
                 terminology and technical specifications},
    author    = {Iber, Conrad 
                 and Ancoli-Israel, Sonia 
                 and Chesson, Andrew 
                 and Quan, Stuart F 
                 and others},
    volume    = {1},
    year      = {2007},
    publisher = {American Academy of Sleep Medicine Westchester, IL}
}

@Article{Hori01,
    title   = {Proposed supplements and amendments to ‘a manual of standardized terminology, 
               techniques and scoring system for sleep stages of human subjects’, the 
               Rechtschaffen \& Kales (1968) standard},
    author  = {Hori, Tadao and 
               Sugita, Yoshio 
               and Koga, Einosuke 
               and Shirakawa, Shuichiro 
               and Inoue, Katuhiro 
               and Uchida, Sunao 
               and Kuwahara, Hiroo 
               and Kousaka, Masako 
               and Kobayashi, Toshinori 
               and Tsuji, Yoichi 
               and others},
    journal = {Psychiatry and clinical neurosciences},
    volume  = {55},
    number  = {3},
    pages   = {305--310},
    year    = {2001}
}

@Book{Solis03,
    title     = {Neuropsi: {A}tenci{\'o}n y {M}emoria},
    author    = {Ostrosky-Sol{\'\i}s, Feggy 
                 and G{\'o}mez, Mar{\'\i}a Esther 
                 and Villase{\~n}or, Esmeralda Matute 
                 and Roselli, M{\'o}nica 
                 and Ardila, Alfredo 
                 and Pineda, David},
    year      = {2003},
    edition   = {2},
    publisher = {Manual {M}oderno}
}

@Article{Roumec14,
    title   = {Escala por interrogatorio de las actividades de la vida diaria: validaci{\'o}n y 
               correlaci{\'o}n con escalas de severidad de deterioro cognitivo en pacientes con 
               demencia tipo {A}lzheimer},
    author  = {Roumec, Bettina 
               and Gismondi, Mariana 
               and Gomez, Andrea M 
               and Sousa, Leandro},
    journal = {Neurolog{\'\i}a {A}rgentina},
    volume  = {6},
    number  = {3},
    pages   = {137--141},
    year    = {2014},
}

@Article{Vargas11,
    title   = {Validaci{\'o}n de la escala {K}essler 10 ({K}-10) en la detecci{\'o}n de 
               depresi{\'o}n y ansiedad en el primer nivel de atenci{\'o}n. {P}ropiedades 
               psicom{\'e}tricas},
    author  = {Vargas Terrez, Blanca Estela 
               and Villamil Salcedo, Valerio 
               and Rodr{\'\i}guez Estrada, Carmen 
               and P{\'e}rez Romero, Jazm{\'\i}n 
               and Cort{\'e}s Sotres, Jos{\'e}},
    journal = {Salud {M}ental},
    volume  = {34},
    number  = {4},
    pages   = {323--331},
    year    = {2011},
  publisher = {Instituto Mexicano de Psiquiatr{\'\i}a Ram{\'o}n de la Fuente}
}


@Article{Cuijpers13,
    title   = {A meta-analysis of cognitive-behavioural therapy for adult depression, alone and 
               in comparison with other treatments},
    author  = {Cuijpers, Pim 
               and Berking, Matthias 
               and Andersson, Gerhard 
               and Quigley, Leanne 
               and Kleiboer, Annet 
               and Dobson, Keith S},
    journal = {The Canadian Journal of Psychiatry},
    volume  = {58},
    number  = {7},
    pages   = {376--385},
    year    = {2013}
}

@Article{Greenberg12,
   title   = {The {G}eriatric {D}epression {S}cale ({GDS})},
   author  = {Greenberg, Sherry A},
   journal = {Best {P}ractices in {N}ursing {C}are to {O}lder {A}dults},
   volume  = {4},
   pages   = {1--2},
   year    = {2012}
}

@Article{Yesavage82,
    title   = {Development and {V}alidation of a {G}eriatric {D}epression {S}creening {S}cale: {A} 
               {P}reliminary {R}eport},
    author  = {Yesavage, Jerome A 
               and Brink, Terence L 
               and Rose, Terence L 
               and Lum, Owen 
               and Huang, Virginia 
               and Adey, Michael 
               and Leirer, Von Otto},
    journal = {Journal of {P}sychiatric {R}esearch},
    volume  = {17},
    number  = {1},
    pages   = {37--49},
    year    = {1982},
    publisher={Elsevier}
}


@Article{Velasco15,
    title   = {Versiones en espa{\~n}ol del {M}inimental {S}tate {E}xamination ({MMSE}). 
               {C}uestiones para su uso en la pr{\'a}ctica cl{\'\i}nica},
    author  = {Velasco, S Llamas 
               and Ayuso, L Llorente 
               and Contador, I 
               and Pareja, F{\'e}lix Bermejo},
    journal = {Revista de {N}eurolog{\'\i}a},
    volume  = {61},
    number  = {8},
    pages   = {363--371},
    year    = {2015}
}

@Book{Garcia09,
    title  = {Manual de metodos de investigaci{\'o}n para las ciencias sociales. Un enfoque de 
              ense{\~n}anza basado en proyectos.},
    author = {Garc{\'\i}a Cabrero, Benilde},
    year   = {2009},
    publisher ={[revisar]}
}

@Article{Fontana13,
    author  = {Fontana, S. A. 
               and Riamondi, W. 
               and Rizzo, M. L.},
    title   = {Quality of sleep and selective attention in university students: 
               descriptive cross-sectional study},
    journal = {Medwave},
    year    = {2013},
    volume  = {14},
    number  = {8},
    pages   = {6015}
}

@Article{Gibson06,
    author  = {Gibson, Edward S. 
               and Powles, A. C. Peter 
               and Thabane, Lehana 
               and O'Brien, Susan 
               and Molnar, Danielle Sirriani 
               and Trajanovic, Nik 
               and Ogilvie, Robert 
               and Shapiro, Colin 
               and Yan, Mi 
               and Chilcott-Tanser, Lisa},
    title   = {''Sleepiness'' is serious in adolescence: two surveys of 3235 Canadian students},
    journal = {BMC Public Health},
    year    = {2006},
    volume  = {6},
    number  = {116}
}

@Article{Vassali09,
    author  = {Vassali, Anne 
               and Dijk, Derk-Jan},
    title   = {Sleep function: current questions and new approaches},
    journal = {European Journal of Neuroscience},
    year    = {2009},
    volume  = {29},
    number  = {9},
    pages   = {1830--1841}
}

@Article{BuelaCasal04,
    author  = {Buela-Casal, G.},
    title   = {El efecto del tiempo habitual de sue\~no sobre el estado de \'animo},
    journal = {0000},
    year    = {0000},
}

@Article{Marin08,
    author  = {Mar\'in Agueldo, Hern\'an Andr\'es
               and Franco, Andr\'es Fernando
               and Vinaccia Alpi, Stefano
               and Tob\'on, Sergio
               and Sand\'in, Bonifacio},
    title   = {Trastornos del sue\~no, salud y calidad de vida: una perspectiva desde la 
               medicina comportamental del sue\~no},
    journal = {Suma Psicol\'ogica},
    year    = {2008},
    volume  = {15},
    number  = {1},
    pages   = {217--240},
}

@Article{Rosales06,
    author  = {Rosales, Edmundo 
               and Egoavil, Martha 
               and La Cruz, Claudia 
               and Rey de Castro, Jorge},
    title   = {Somnolencia y calidad del sue\~no en estudiantes de medicina de una 
               universidad peruana},
    journal = {Anales de la Facultad de Medicina},
    year    = {2007},
    volume  = {68},
    number  = {2},
    pages   = {150--158},
}

@Article{Baez05,
    author  = {B{\'a}ez, Gabriel Francisco 
               and Flores, N. N. 
               and Gonz{\'a}lez, T. P. 
               and Horrisberger, H{\'e}ctor S.},
    title   = {Calidad del sue\~no en estudiantes de medicina},
    journal = {Revista de posgrado de la VIa C{\'a}tedra de Medicina},
    year    = {2005},
    volume  = {141},
    number  = {4},
    pages   = {14--17},
}

@Misc{Bonet08,
   author       = {Bonet Luz, Teresa},
   title        = {Bases anat\''omicas y fisiol\'ogicas del sue\~no},
   year         = {2008},
   howpublished = {\url{http://mural.uv.es/teboluz/index2.html}},
   note         = {Recuperado el 2017-02-11}
}

@PhdThesis{Cabrera14,
    author  = {Cabrera Quezada, Bayron Enrique
               and Jimbo Jimbo, Ana Cristina
               and Matute S\'anchez, Tamara Cristina},
    title   = {Prevalencia de trastornos del sue\~no y factores asociados en adultos mayores 
               del programa de coordinaci\'on de Jubilados del seguro social, Cuenca 2014},
    school  = {Universidad de Cuenca},
    year    = {2014},
    type    = {Tesis doctoral},
    address = {Cuenca, Ecuador},
}

@Article{Sierra02,
    author  = {Sierra, Juan Carlos 
               and Jim{\'e}nez-Navarro, Carmen 
               and Mart{\'\i}n-Ortiz, 
               Juan Domingo},
    title   = {Calidad del sue\~no en estudiantes universitarios: importancia de la higiene 
               del sue\~no},
    journal = {Salud Mental},
    year    = {2002},
    volume  = {25},
    number  = {6},
    pages   = {35--43}
}

@Article{FernandezConde07,
    author  = {Fern\'andez Conde, A. 
               and V\'azquez S\'anchez, E.},
    title   = {El sue\~no en el anciano. Atenci\'on de enfermer\'ia},
    journal = {Enfermer\'ia Global},
    year    = {2007},
    volume  = {10},
    pages   = {1-17}
}

%%%%%%%%%%%%%%%%%%%%%%%%%%%%%%%%%%%%%%%%%%%%%%%%%
@Comment{Esta parte es sobre el suenno}

@Article{CarrilloMora,
    author  = {Carrillo-Mora, Paul 
               and Ram\'irez-Peris, Jimena 
               and Maga\~na V\'azquez, Katia},
    title   = {Neurobiolog\'ia del sue\~no y su importancia: antolog\'ia para el 
               estudiante universitario},
    journal = {Revista de la {F}acultad de {M}edicina},
    year    = {2013},
    volume  = {56},
    number  = {4},
    pages   = {5--15}
}

@Article{Allen05,
    author  = {Allen, John S. 
               and Bruss, Joel 
               and Brown, C. Kice 
               and Damasio, Hanna},
    title   = {Normal neuroanatomical variation due to age: the major lobes and a parcellation 
               of the temporal region},
    journal = {Neurobiology of Aging},
    year    = {2005},
    volume  = {26},
    number  = {9},
    pages   = {1245--1260}
}

@Article{Raz05,
    author  = {Raz, Naftali 
               and Lindenberger, Ulman 
               and Rodrigue, Karen M. 
               and Kennedy, Kristen M. 
               and Head, Denise 
               and Williamson, Adrienne 
               and Dahle, Cheryl 
               and Gerstorf, Denis 
               and Acker, James D.},
    title   = {Regional brain changes in aging healthy adults: general trends, individual 
               differences and modifiers},
    journal = {Cerebral Cortex},
    year    = {2005},
    volume  = {15},
    number  = {11},
    pages   = {1676--1689}
}

@Article{Hubbard81,
    author  = {Hubbard, B. M.
               and Anderson, J. M.},
    title   = {A quantitative study of cerebral atrophy in old age and senile dementia},
    journal = {Journal of the Neurological Sciences},
    year    = {1981},
    volume  = {50},
    number  = {1},
    pages   = {135--145}
}

@Article{Dekaban78,
    author  = {Dekaban, Anatole S. 
               and Sadowsky, Doris},
    title   = {Changes in brain weights during the span of human life: relation of brain weights 
               to body heights and body weights},
    journal = {Annals of Neurology},
    year    = {1978},
    volume  = {4},
    number  = {4},
    pages   = {345--356},
}

@Article{Terry,
    author  = {Terry, R. D. and Katzman, R.},
    title   = {Life span and synapses: will there be a primary senile dementia?},
    journal = {Neurobiolgy of Aging},
    year    = {2001},
    volume  = {22},
    number  = {3},
    pages   = {347--348},
}

@PhdThesis{Hita14,
    author  = {Hita Y{\'a}{\~n}ez, Eva Mar{\'\i}a},
    title   = {Caracterizaci\'on de las alteraciones del sue\~no en personas mayores con 
               deterioro cognitivo leve},
    school  = {Universidad Pablo de Olavide},
    year    = {2014},
    type    = {Tesis doctoral},
    address = {Sevilla, Espa\~na},
}

@Article{Esiri07,
    author  = {Esiri, M. M.},
    title   = {Ageing and the brain},
    journal = {The Journal of pathology},
    year    = {2007},
    volume  = {211},
    number  = {2},
    pages   = {181--187},
}

@Article{Coleman87,
    author  = {Coleman, Paul D
               and Flood, Dorothy G},
    title   = {Neuron numbers and dendritic extent in normal aging and Alzheimer's disease},
    journal = {Neurobioly of Aging},
    year    = {1987},
    volume  = {8},
    number  = {6},
    pages   = {521--545},
}

@Article{Navarrete03,
    author  = {Navarrete, Hugo 
               and Rodr{\'\i}guez-Leyva, Ildefonso},
    title   = {La demencia. ¿Subdiagnosticada o ignorada?},
    journal = {Revista Mexicana de Neurociencias},
    year    = {2003},
    volume  = {4},
    number  = {1},
    pages   = {11--12},
}

@Article{Park09,
    author  = {Park, Denise C 
               and Reuter-Lorenz, Patricia},
    title   = {The {A}daptive {B}rain: {A}ging and {N}eurocognitive {S}caffolding},
    journal = {Annual {R}eview of {P}sychology},
    year    = {2009},
    volume  = {60},
    pages   = {173--196},
}

@Article{RosalesLagarde09,
    author  = {Rosales-Lagarde, Alejandra 
               and del R{\'\i}o-Portilla, Irma Yolanda 
               and Guevara, Miguel {\'A}ngel 
               and Corsi-Cabrera, Mar{\'\i}a},
    title   = {Ca\'ida abrupta del tono muscular al entrar a sue\~no MOR en el ser humano},
    journal = {Salud Mental},
    year    = {2009},
    volume  = {32},
    number  = {2},
    pages   = {117--123},
}

%%%%%%%%%%%%%%%%%%%%%%%%%%%%%%%%%%%%%%%%%%%%%%%%%%%%%%%%%%%%%%%%%%%%%%%%%%%%%%%%%%%%%%%%%%%%%%%%%%%

@Article{Ardila12,
    title   = {Gu{\'\i}a para el diagn{\'o}stico neuropsicol{\'o}gico},
    author  = {Ardila, Alfredo and Ostrosky, Feggy},
    journal = {Florida: American Board of Professional Neuropsychology},
    year    = {2012}
}

@Book{DCM5,
    title     = {Manual diagn{\'o}stico y estad{\'\i}stico de los trastornos mentales: DSM-5},
    author    = {Lopez, Celso Arango},
    year      = {2014},
    publisher = {Editorial medica panamericana}
}

@Article{Knopman01,
    title   = {Practice {P}arameter: {D}iagnosis of {D}ementia ({A}n {E}vidence-based {R}eview) 
               {R}eport of the {Q}uality {S}tandards {S}ubcommittee of the {A}merican {A}cademy of 
               {N}eurology},
    author  = {Knopman, David S 
               and DeKosky, Steven T 
               and Cummings, JL 
               and Chui, H 
               and Corey--Bloom, J 
               and Relkin, N 
               and Small, GW 
               and Miller, B 
               and Stevens, JC},
    journal = {Neurology},
    volume  = {56},
    number  = {9},
    pages   = {1143--1153},
    year    = {2001},
    publisher = {American {A}cademy of {N}eurology}
}

@Article{Vaughn08,
    title   = {Technical {R}eview of {P}olysomnography},
    author  = {Vaughn, Bradley V and Giallanza, Peterson},
    journal = {{CHEST} {J}ournal},
    volume  = {134},
    number  = {6},
    pages   = {1310--1319},
    year    = {2008},
    publisher = {American College of Chest Physicians}
}

%%%%%%%%%%%%%%%%%%%%%%%%%%%%%%%%%%%%%%%%%%%%%%%%%%%%%%%%%%%%%%%%%%%%%%%%%%%%%%%%%%%%%%%%%%%%%%%%%%%
%%%%%%%%%%%%%%%%%%%%%%%%%%%%%%%%%%%%%%%%%%%%%%%%%%%%%%%%%%%%%%%%%%%%%%%%%%%%%%%%%%%%%%%%%%%%%%%%%%%